<?xml version="1.0" encoding="UTF-8"?><collection xmlns="http://www.loc.gov/MARC21/slim"><record><leader>00474nam--2200181-u-4500</leader><controlfield tag="001">000054687</controlfield><controlfield tag="002">20161230</controlfield><controlfield tag="005">20161230201051</controlfield><controlfield tag="008">120521s1000------------r-----000-0-eng-d</controlfield><datafield ind1=" " ind2=" " tag="040"><subfield code="a">IFIN-HH</subfield></datafield><datafield ind1="1" ind2=" " tag="100"><subfield code="a">Apostol, Marian</subfield></datafield><datafield ind1="1" ind2="0" tag="245"><subfield code="a">Studies in theoretical physics</subfield><subfield code="b">Selected works 1972-2012</subfield><subfield code="c">Marian apostol</subfield></datafield><datafield ind1=" " ind2=" " tag="260"><subfield code="b">Elsevier</subfield><subfield code="c">2012</subfield></datafield><datafield ind1=" " ind2=" " tag="300"><subfield code="a">2 VOLUME</subfield></datafield><datafield ind1=" " ind2=" " tag="500"><subfield code="a">Donatie</subfield></datafield><datafield ind1="1" ind2=" " tag="787"><subfield code="a">Vol.2</subfield><subfield code="h">/Pag.Dif.</subfield></datafield><datafield ind1=" " ind2=" " tag="852"><subfield code="a">82339</subfield><subfield code="c">530.1</subfield></datafield><datafield ind1=" " ind2=" " tag="CAT"><subfield code="a">Sys</subfield><subfield code="c">20120523</subfield><subfield code="h">091100</subfield></datafield></record></collection>